@InProceedings{pjscan,
  author =	{P. Laskov and N. Srndic},
  title =	{Static detection of malicious javascript-bearing pdf documents},
  booktitle =	{Proceedings of the 27th Annual Computer Security Applications Conference},
  year = 	{2011},
  pages =	{373--382},
  publisher =	{ACM},
}

@article{deepdf,
  author =	{R. Fettaya and Y. Mansour},
  title =	{Detecting malicious PDF using CNN},
  journal =	{International Conference on Learning Representations},
  year = 	{2020}
} 

@misc{pdftools,
  author = {Didier Stevens},
  title = {PDF Tools},
  year = 2008,
  howpublished = {\href{https://blog.didierstevens.com/programs/pdf-tools/}{link}},
  urldate = {01-04-2020}
}

@misc{xakepPDF,
  author = {Xakep Magazine},
  title = {Looking for exploits in PDF-documents on our own},
  year = 2014,
  howpublished = {\href{https://xakep.ru/2014/09/26/search-document-exploit/}{link}}
}

@misc{zeltser,
  author = {Lenny Zeltser},
  howpublished = {\href{https://zeltser.com/information-security/}{link}},
  note = "[Online; Accessed 1-April-2020]"
}

@misc{virustotal,
  title = {VirusTotal},
  author = {Google},
  howpublished = {\href{https://www.virustotal.com/}{link}},
  note = "[Online; Accessed 1-April-2020]"
}

@misc{bdSandbox,
  title = {Sandbox Analyzer},
  author = {Bitdefender},
  howpublished = {\href{https://download.bitdefender.com/resources/files/News/CaseStudies/study/211/Bitdefender-2017-TechnicalBrief-SandBoxAnalyzer-crea2103-A4-en-EN-2-GenericUse.pdf}{link}},
  note = "[Online; Accessed 1-April-2020]"
}

@misc{msdn,
  title = {Microsoft Docs},
  author = {Microsoft},
  howpublished = {\href{https://docs.microsoft.com/en-us/windows/apps/}{link}},
  note = "[Online; Accessed 1-April-2020]"
}

@misc{logrhythm,
  title = {Detecting Potentially Malicious Javascript Embedded Within a PDF File Using LogRhythm Netmon},
  author = {LogRhythm},
  howpublished = {\href{https://logrhythm.com/blog/detecting-malicious-javascript-in-a-pdf/}{link}},
  note = "[Online; Accessed 11-April-2020]"
}

@misc{pdfattack,
  title = {Cyber Attack Trends: 2019 Mid-Year Report},
  author = {Check Point Research},
  howpublished = {\href{https://www.checkpoint.com/downloads/resources/cyber-attack-trends-mid-year-report-2019.pdf}{link}},
  note = "[Online; Accessed 11-April-2020]"
}

@Book{pdfReference,
  author =	"Adobe Systems Incorporated",
  publisher =	"Adobe",
  title = "PDF Reference, sixth edition: Adobe Portable Document Format Version 1.7",
  year = 	"2006"
}

@Book{mlsec,
  author =	"Clarance Chio and David Freeman",
  publisher =	"O'Reilly Media, Inc.",
  title = "Machine Learning and Security",
  year = 	"2018"
}

@Book{winInternals,
  author =	"Pavel Yosifovich and Alex Ionescu and Mark E. Russinovich and David A. Solomon",
  publisher =	"Microsoft Press",
  title = "Windows Internals",
  year = 	"2017"
}

@Book{mlCookbook,
  author =	"Emmanuel Tsukerman",
  publisher =	"Packt Publishing",
  title = "Machine Learning for Cybersecurity Cookbook",
  year = 	"2019"
}

@Book{dotNetFramework,
  author =	"Tom Archer and Nishant Sivakumar",
  publisher =	"Addison-Wesley",
  title = "Extending MFC Applications with the .NET Framework",
  year = 	"2003"
}